<record xmlns="http://www.loc.gov/MARC21/slim">
   <leader>02902nam a2200457 i 4500</leader>
   <controlfield tag="001">6741149</controlfield>
   <controlfield tag="003">CaPaEBR</controlfield>
   <controlfield tag="005">20141025110823.0</controlfield>
   <controlfield tag="006">m    eo  d        </controlfield>
   <controlfield tag="007">cr cn |||m|||a</controlfield>
   <controlfield tag="008">141025s2015    nyu    foab   001 0 eng d</controlfield>
   <datafield ind1=" " ind2=" " tag="020">
      <subfield code="a">9781631570308</subfield>
      <subfield code="q">e-book</subfield>
   </datafield>
   <datafield ind1=" " ind2=" " tag="020">
      <subfield code="z">9781631570292</subfield>
      <subfield code="q">paperback</subfield>
   </datafield>
   <datafield ind1=" " ind2=" " tag="035">
      <subfield code="a">ocn893913744</subfield>
   </datafield>
   <datafield ind1=" " ind2=" " tag="039">
      <subfield code="a">exclude</subfield>
   </datafield>
   <datafield ind1=" " ind2=" " tag="040">
      <subfield code="a">CaBNVSL</subfield>
      <subfield code="b">eng</subfield>
      <subfield code="e">rda</subfield>
      <subfield code="c">CaBNVSL</subfield>
      <subfield code="d">CaBNVSL</subfield>
      <subfield code="d">AEU</subfield>
   </datafield>
   <datafield ind1=" " ind2="4" tag="050">
      <subfield code="a">HF5681.C28</subfield>
      <subfield code="b">M343 2015</subfield>
   </datafield>
   <datafield ind1="0" ind2="4" tag="082">
      <subfield code="a">657.72</subfield>
      <subfield code="2">23</subfield>
   </datafield>
   <datafield ind1=" " ind2=" " tag="090">
      <subfield code="a">Internet Access</subfield>
      <subfield code="b">AEU</subfield>
   </datafield>
   <datafield ind1="1" ind2=" " tag="100">
      <subfield code="a">McGowan, Carl.,</subfield>
      <subfield code="e">author.</subfield>
   </datafield>
   <datafield ind1="1" ind2="0" tag="245">
      <subfield code="a">Corporate valuation using the free cash flow method applied to Coca-Cola /</subfield>
      <subfield code="c">Carl B. McGowan, Jr.</subfield>
   </datafield>
   <datafield ind1=" " ind2=" " tag="250">
      <subfield code="a">First edition.</subfield>
   </datafield>
   <datafield ind1=" " ind2="1" tag="264">
      <subfield code="a">New York, New York (222 East 46th Street, New York, NY 10017) :</subfield>
      <subfield code="b">Business Expert Press,</subfield>
      <subfield code="c">2015.</subfield>
   </datafield>
   <datafield ind1=" " ind2=" " tag="300">
      <subfield code="a">1 online resource (x, 48 pages)</subfield>
   </datafield>
   <datafield ind1=" " ind2=" " tag="336">
      <subfield code="a">text</subfield>
      <subfield code="2">rdacontent</subfield>
   </datafield>
   <datafield ind1=" " ind2=" " tag="337">
      <subfield code="a">computer</subfield>
      <subfield code="2">rdamedia</subfield>
   </datafield>
   <datafield ind1=" " ind2=" " tag="338">
      <subfield code="a">online resource</subfield>
      <subfield code="2">rdacarrier</subfield>
   </datafield>
   <datafield ind1="1" ind2=" " tag="490">
      <subfield code="a">Finance and financial management collection,</subfield>
      <subfield code="x">2331-0057</subfield>
   </datafield>
   <datafield ind1=" " ind2=" " tag="500">
      <subfield code="a">Part of: 2014 digital library.</subfield>
   </datafield>
   <datafield ind1=" " ind2=" " tag="504">
      <subfield code="a">Includes bibliographical references (pages 47-48) and index.</subfield>
   </datafield>
   <datafield ind1="0" ind2=" " tag="505">
      <subfield code="a">Introduction : an overview of corporate financial management -- Determining the short-term growth rate using the extended Dupont system of financial analysis -- Determining the long-term growth rate -- Calculating the beta coefficient and required rate of return for Coca-Cola -- Free cash flow to equity -- Valuing Coca-Cola.</subfield>
   </datafield>
   <datafield ind1=" " ind2=" " tag="506">
      <subfield code="a">Access restricted to authorized users and institutions.</subfield>
   </datafield>
   <datafield ind1="3" ind2=" " tag="520">
      <subfield code="a">The value of a corporation is the discounted present value of future cash flows provided by the company to the shareholders. The valuation process requires that the corporate financial decision maker determine the future free cash flow to equity, the short-term growth rate, the long-term growth rate, and the required rate of return based on market beta. The objective of this book is to provide a template for demonstrating corporate valuation using a real company--Coca-Cola. The data used in this book comes from the financial statements of Coca-Cola available on EDGAR. Other data are from SBBI, Yahoo! Finance, the U.S. Bureau of Economic Analysis, Stocks, Bonds, Bills, and Inflation, Market Results for 1926-2010, 2011 Yearbook, Classic Edition, Morningstar, and US Department of the Treasury.</subfield>
   </datafield>
   <datafield ind1=" " ind2=" " tag="588">
      <subfield code="a">Title from PDF title page (viewed on October 25, 2014).</subfield>
   </datafield>
   <datafield ind1=" " ind2=" " tag="596">
      <subfield code="a">44</subfield>
   </datafield>
   <datafield ind1="2" ind2="0" tag="610">
      <subfield code="a">Coca-Cola Company</subfield>
      <subfield code="x">Accounting.</subfield>
   </datafield>
   <datafield ind1=" " ind2="0" tag="650">
      <subfield code="a">Cash flow</subfield>
      <subfield code="x">Accounting</subfield>
      <subfield code="v">Case studies.</subfield>
   </datafield>
   <datafield ind1=" " ind2="0" tag="830">
      <subfield code="a">Finance and financial management collection.</subfield>
      <subfield code="x">2331-0057</subfield>
   </datafield>
   <datafield ind1="4" ind2="0" tag="856">
      <subfield code="3">University of Alberta Access</subfield>
      <subfield code="u">http://site.ebrary.com/lib/ualbertagep/Doc?id=10956092</subfield>
   </datafield>
   <datafield ind1=" " ind2=" " tag="949">
      <subfield code="h">UAIN</subfield>
      <subfield code="z">EBRARYBEP</subfield>
   </datafield>
   <datafield ind1=" " ind2=" " tag="926">
      <subfield code="a">Internet Access</subfield>
      <subfield code="w">LC</subfield>
      <subfield code="c">1</subfield>
      <subfield code="i">6741149-1001</subfield>
      <subfield code="l">INTERNET</subfield>
      <subfield code="m">UAINTERNET</subfield>
      <subfield code="r">Y</subfield>
      <subfield code="s">Y</subfield>
      <subfield code="t">E-RESOURCE</subfield>
      <subfield code="u">11/21/2014</subfield>
      <subfield code="x">E-BOOK</subfield>
      <subfield code="z">EBRARYBEP</subfield>
   </datafield>
</record>
